% ==================================================== BOOKS

@book{fan-2008-nonlinear,
  title={Nonlinear Time Series: Nonparametric and Parametric Methods},
  author={Fan, J. and Yao, Q.},
  isbn={9780387693958},
  series={Springer Series in Statistics},
  year={2008},
  publisher={Springer}
}

@Book{bauwens-2000,
  author={Bauwens, Luc and Lubrano, Michel and Richard, Jean-Francois},
  title={{Bayesian Inference in Dynamic Econometric Models}},
  publisher={Oxford University Press},
  year=2000,
  month={},
  volume={},
  number={9780198773139},
  series={OUP Catalogue},
  edition={},
  keywords={},
  doi={},
  isbn={ARRAY(0x50150628)},
}

@book{markowitz1959,
	title={Portfolio Selection: Efficient Diversification of Investments},
	author={Markowitz, H.M.},
	series={Cowles Commission for Research in Economics: Monographs},
	year={1959},
	publisher={Yale University Press},
	address={New Haven},
}

@book{tutuncu-2006,
	title={Optimization Methods in Finance},
	author={Cornuejols, G. and T{\"u}t{\"u}nc{\"u}, R.},
	series={Mathematics, Finance and Risk},
	year={2006},
	publisher={Cambridge University Press}
}

@book{best-2010,
	title={Portfolio Optimization},
	author={Best, M.J.},
	series={Chapman \& Hall/CRC finance series},
	year={2010},
	publisher={Taylor \& Francis},
	address = {Boca Raton},
}

@book{rao-2008,
	title={Linear Models and Generalizations},
	author={C. Radhakrishna Rao and Shalabh and Helge Toutenburg and Christian Heumann},
	series={Springer Series in Statistics},
	year={2008},
	publisher={Springer},
	edition={3rd},
	address={Berlin; New York},
}

@book{rencher-2007,
	title={Linear Models in Statistics},
	author={Alvin C. Rencher and G. Bruce Schaalje},
	year={2007},
	publisher={Wiley, Interscience},
	edition={2nd},
	address={New York; Chichester},
}

@book {Mankiw,
	title = {Principles of Economics},
	year = {2011},
	edition={5th},
	publisher = {South-western Cengage Learning},
	organization = {South-western Cengage Learning},
	author = {N.G. Mankiw}
}

@book{litterman2004modern,
  title={Modern Investment Management: An Equilibrium Approach},
  author={Litterman, B. and Group, Q.R.},
  series={Wiley Finance},
  year={2004},
  publisher={Wiley}
}

@book{Lutkepohl_2007,
 author = {Ltkepohl, Helmut},
 title = {New Introduction to Multiple Time Series Analysis},
 year = {2007},
 publisher = {Springer Publishing Company, Incorporated},
}

@book{tsay_book,
	address = {Cambridge, Mass},
	edition = {3 edition},
	title = {Analysis of Financial Time Series},
	language = {English},
	publisher = {Wiley},
	author = {Tsay, Ruey S.},
	month = aug,
	year = {2010}
}

@book{enders_book,
	address = {Hoboken, {NJ}},
	edition = {3},
	title = {Applied Econometric Times Series},
	language = {English},
	publisher = {Wiley},
	author = {Enders, Walter},
	month = nov,
	year = {2009}
}


@book{lutkepohl_book,
	address = {Berlin},
	title = {New Introduction to Multiple Time Series Analysis},
	language = {English},
	publisher = {Springer},
	author = {Lütkepohl, Helmut},
	month = jul,
	year = {2007}
}

@book{bueno_book,
	title = {{ECONOMETRIA} {DE} {SÉRIES} {TEMPORAIS} },
	author = {Rodrigo de Losso da Silveira Bueno},
	year={2011},
	edition = {2},
	address = {São Paulo},
	language = {Portuguese},
	publisher = {CENGAGE Learning},
}

@book{campbell-2002,
title={Strategic Asset Allocation: Portfolio Choice for Long-Term Investors},
author={John Y. Campbell and Luis M. Viceira},
series={Clarendon Lectures in Economics},
year={2002},
publisher={Oxford University Press}
}

@book{esl,
author = {Trevor Hastie and Robert Tibshirani and Jerome Friedman},
title = {The Elements of Statistical Learning},
year = 2009,
publisher = {Springer New York},
DATE_ADDED = {Wed Apr 4 12:09:33 2018},
doi = {10.1007/978-0-387-84858-7},
pages = {nil},
series = {Springer Series in Statistics},
}

@book{isl-2014,
 author = {James, Gareth and Witten, Daniela and Hastie, Trevor and Tibshirani, Robert},
 title = {An Introduction to Statistical Learning: With Applications in R},
 year = {2014},
 publisher = {Springer},
 address = {New York},
}

@book{geweke-2005,
	title={Contemporary Bayesian Econometrics and Statistics},
	author={John Geweke},
	year={2005},
	publisher={Wiley},
	series={Wiley Series in Probability and Statistics},
	doi={10.1002/0471744735}
}

@book{zellner-1973,
	title={An Introduction to Bayesian Inference in Economics},
	author={Arnold Zellner},
	year={1971},
	publisher={Wiley},
	series={Wiley Classics Library},
}

% ==================================================== Articles

@article {PLS10,
author = {McWilliams, Brian and Montana, Giovanni},
title = {Sparse partial least squares regression for on-line variable selection with multivariate data streams},
journal = {Statistical Analysis and Data Mining},
address = {Hoboken},
volume = {3},
number = {3},
pages = {170--193},
year = {2010},
}

@article{santos15,
	title = "Beating the market with small portfolios: Evidence from Brazil ",
	journal = "EconomiA ",
	volume = "16",
	number = "1",
	pages = "22 - 31",
	year = "2015",
	author = "André A.P. Santos",
	address = {Brasília},
}

@article{steinbach-2001,
	author = {Steinbach, M.},
	title = {Markowitz Revisited: Mean-Variance Models in Financial Portfolio Analysis},
	journal = {SIAM Review},
	volume = {43},
	number = {1},
	pages = {31-85},
	year = {2001},
}

@incollection{Encyclopedia_opt_markowitz,
	author={Board, JohnL.G. and Sutcliffe, CharlesM.S. and Ziemba, WilliamT.},
	title={Portfolio selection: markowitz mean-variance modelPortfolio Selection: Markowitz Mean-Variance Model},
	year={2001},
	booktitle={Encyclopedia of Optimization},
	editor={Floudas, ChristodoulosA. and Pardalos, PanosM.},
	publisher={Springer US},
	pages={1992-1998},
	language={English}
}


@incollection{orc1,
author = {G.M. Constantinides and A.G. Malliaris},
title = {Portfolio theory},
booktitle = {Finance},
editor = {R.A. Jarrow and V. Maksimovic and W.T. Ziemba},
publisher = {Elsevier},
address = {Amsterdam},
volume = {9},
pages = {1 - 30},
year = {1995},
chapter={1}, 
doi = {https://doi.org/10.1016/S0927-0507(05)80045-3},
series = {Handbooks in Operations Research and Management Science},
}

@article {jones-1999,
	author = {Britten-Jones, Mark},
	title = {The Sampling Error in Estimates of Mean-Variance Efficient Portfolio Weights},
	journal = {The Journal of Finance},
	address = {Malden},
	volume = {54},
	number = {2},
	pages = {655--671},
	year = {1999},
}

@article{nnen14,
	title = "Nonnegative Elastic Net and application in index tracking ",
	journal = "Applied Mathematics and Computation ",
	volume = "227",
	number = "",
	pages = "541 - 552",
	year = "2014",
	author = "Lan Wu and Yuehan Yang",
	address = {New York},
}

@article{nnl14,
	title = "Nonnegative-lasso and application in index tracking ",
	journal = "Computational Statistics \& Data Analysis ",
	volume = "70",
	address = {Amsterdam},
	number = "",
	pages = "116 - 126",
	year = "2014",
	author = "Lan Wu and Yuehan Yang and Hanzhong Liu",
}

@article{caldeira-2016,
	title = "Index tracking and enhanced indexing using cointegration and correlation with endogenous portfolio selection ",
	journal = "The Quarterly Review of Economics and Finance ",
	volume = "",
	number = "",
	pages = " - ",
	year = "2016",
	note = "",
	author = "Leonardo R. Sant’Anna and Tiago P. Filomena and João F. Caldeira",
}

@article{demiguel-norms,
	author={Victor DeMiguel and Lorenzo Garlappi and Francisco J. Nogales and Raman Uppal},
	title={{A Generalized Approach to Portfolio Optimization: Improving Performance by Constraining Portfolio Norms}},
	journal={Management Science},
	year={2009},
	volume={55},
	number={5},
	pages={798-812},
	month={May},
}

@Article{dgu2009,
  author={Victor DeMiguel and Lorenzo Garlappi and Raman Uppal},
  title={{Optimal Versus Naive Diversification: How Inefficient is the 1/N Portfolio Strategy?}},
  journal={Review of Financial Studies},
  address={New York},
  year={2009},
  volume={22},
  number={5},
  pages={1915-1953},
  month={May},
}

@article{bodnar2013,
title = "On the equivalence of quadratic optimization problems commonly used in portfolio theory",
journal = "European Journal of Operational Research",
volume = "229",
number = "3",
pages = "637 - 644",
year = "2013",
doi = "https://doi.org/10.1016/j.ejor.2013.03.002",
author = "Taras Bodnar and Nestor Parolya and Wolfgang Schmid",
address = {Amsterdam},
keywords = "Investment analysis, Mean–variance analysis, Parameter uncertainty, Interval estimation, Test theory",
}

@article{cz93,
	title = {The Effect of Errors in Means, Variances, and Covariances on Optimal Portfolio Choice},
	author = {Chopra, Vijay K. and Ziemba, William T.},
	journal = {Journal of Portfolio Management},
	address = {New York},
	keywords = {choice, portfolio},
	number = {2},
	pages = {6--11},
	volume = {19},
	year = {1993},
}

@article{ChopraHensel93,
author = {Chopra, Vijay K. and Hensel, Chris R. and Turner, Andrew L.},
title = {Massaging Mean-Variance Inputs: Returns from Alternative Global Investment Strategies in the 1980s},
journal = {Management Science},
volume = {39},
number = {7},
pages = {845-855},
year = {1993},
doi = {10.1287/mnsc.39.7.845},
}

@article{Chopra93,
	title = {Improving Optimization},
	volume = {2},
	doi = {10.3905/joi.2.3.51},
	number = {3},
	journal = {The Journal of Investing},
	author = {Chopra, Vijay Kumar},
	month = jan,
	year = {1993},
	pages = {51--59},
}

@Article{merton1980,
  author={Merton, Robert C.},
  title={{On estimating the expected return on the market : An exploratory investigation}},
  journal={Journal of Financial Economics},
  year=1980,
  volume={8},
  number={4},
  pages={323-361},
  month={December},
  keywords={},
}

@Article{merton1972,
  author={Merton, Robert C.},
  title={{An Analytic Derivation of the Efficient Portfolio Frontier}},
  journal={Journal of Financial and Quantitative Analysis},
  year=1972,
  volume={7},
  number={04},
  pages={1851-1872},
  month={Sept},
  address={Seattle},
  keywords={},
}


@article{bl1992,
	author = { Fischer Black and Robert Litterman},
	journal = {Financial Analysts Journal},
	keywords = {},
	month = {Sep/Oct},
	number = {5},
	pages = {28--43},
	posted-at = {2012-09-16 21:45:53},
	priority = {2},
	title = {{Global Portfolio Optimization}},
	volume = {48},
	year = {1992}
}

@TechReport{brodie-2008,
	author={Brodie, Joshua and Daubechies, Ingrid and De Mol, Christine and Giannone, Domenico and Loris, Ignace},
	title={{Sparse and stable Markowitz portfolios}},
	year={2008},
	month={Sep},
	address={},
	institution={European Central Bank},
	type={Working Paper Series},
	number={0936},
}


@article{fan2012,
	author = {Fan, Jianqing and Zhang, Jingjin and Yu, Ke},
	title = {Vast Portfolio Selection With Gross-Exposure Constraints},
	journal = {Journal of the American Statistical Association},
	address = {New York},
	volume = {107},
	number = {498},
	pages = {592-606},
	year = {2012},
	}


@TECHREPORT{fan-WP,
	title = {Asset Allocation and Risk Assessment with Gross Exposure Constraints for Vast Portfolios},
	author = {Fan, Jianqing and Zhang, Jingjin and Yu, Ke},
	year = {2008},
	institution = {arXiv.org},
	type = {Papers},
}

@article{fan-2008-high,
  title={High dimensional covariance matrix estimation using a factor model},
  author={Fan, Jianqing and Fan, Yingying and Lv, Jinchi},
  journal={Journal of Econometrics},
  volume={147},
  number={1},
  pages={186--197},
  year={2008},
  publisher={Elsevier}
}

@Article{markowitz1952,
	author={Harry Markowitz},
	title={{Portfolio Selection}},
	journal={Journal of Finance},
	address={New York},
	year={1952},
	volume={7},
	number={1},
	pages={77-91},
	month={03},
	keywords={},
}

@Article{Markowitz_nobel,
  author={ Markowitz, Harry M},
  title={{ Foundations of Portfolio Theory}},
  journal={Journal of Finance},
  year={1991},
  volume={46},
  number={2},
  pages={469-77},
  month={June},
  keywords={},
}

@Article{Sharpe_nobel,
  author={ Sharpe, William F},
  title={{ Capital Asset Prices with and without Negative Holdings}},
  journal={Journal of Finance},
  year={1991},
  volume={46},
  number={2},
  pages={489-509},
  month={June},
  keywords={},
}

@Article{Sharpe_64,
  author={William F. Sharpe},
  title={{Capital Asset Prices: A Theory Of Market Equilibrium Under Conditions Of Risk}},
  journal={Journal of Finance},
  year={1964},
  volume={19},
  number={3},
  pages={425-442},
  month={09},
  keywords={},
}

@article{Lintner_65,
    author = {Lintner, John},
    journal = {The Review of Economics and Statistics},
    keywords = {portfolio, risk},
    month = feb,
    number = {1},
    pages = {13--37},
    posted-at = {2009-07-09 15:26:48},
    priority = {1},
    publisher = {The MIT Press},
    title = {The Valuation of Risk Assets and the Selection of Risky Investments in Stock Portfolios and Capital Budgets},
    volume = {47},
    year = {1965}
}

@Article{Black_72,
  author={Black, Fischer},
  title={{Capital Market Equilibrium with Restricted Borrowing}},
  journal={The Journal of Business},
  year=1972,
  volume={45},
  number={3},
  pages={444-55},
  month={July},
  keywords={},
}

@article{laloux_99,
	title = {Noise Dressing of Financial Correlation Matrices},
	volume = {83},
	doi = {10.1103/PhysRevLett.83.1467},
	number = {7},
	journal = {Physical Review Letters},
	author = {Laloux, Laurent and Cizeau, Pierre and Bouchaud, Jean-Philippe and Potters, Marc},
	month = aug,
	year = {1999},
	note = {{arXiv:cond-mat/9810255}},
	keywords = {Condensed Matter},
	pages = {1467--1470},
	annote = {Comment: Latex (Revtex) 3 pp + 2 postscript figures (in-text)},
}

@Article{Klein_Bawa_76,
  author={Klein, Roger W. and Bawa, Vijay S.},
  title={{The effect of estimation risk on optimal portfolio choice}},
  journal={Journal of Financial Economics},
  year=1976,
  volume={3},
  number={3},
  pages={215-231},
  month={June},
  keywords={},
}

@article{FrostSavarino86,
author = {Frost,Peter A. and Savarino,James E.},
title = {An Empirical Bayes Approach to Efficient Portfolio Selection},
journal = {Journal of Financial and Quantitative Analysis},
volume = {21},
issue = {03},
month = {9},
year = {1986},
pages = {293--305},
numpages = {13},
doi = {10.2307/2331043},
}

@article{FrostSavarino88,
    author = {Frost, P. A. and Savarino, J. E.},
    citeulike-article-id = {11257061},
    journal = {Journal of Portfolio Management},
    number = {1},
    pages = {29--34},
    posted-at = {2012-09-16 21:45:58},
    priority = {2},
    title = {{For Better Performance Constrain Portfolio Weights}},
    volume = {15},
    year = {1988}
}

@article{Broadie93,
year={1993},
journal={Annals of Operations Research},
volume={45},
number={1},
doi={10.1007/BF02282040},
title={Computing efficient frontiers using estimated parameters},
publisher={Baltzer Science Publishers, Baarn/Kluwer Academic Publishers},
keywords={Portfolio selection; mean-variance analysis; efficient frontier; estimation error},
author={Broadie, Mark},
pages={21-58},
language={English}
}


@TechReport{PeZa2008,
  author={Pesaran, M.H. and Zaffaroni, P.},
  title={{Optimal Asset Allocation with Factor Models for Large Portfolios}},
  year=2008,
  month=Mar,
  institution={Faculty of Economics, University of Cambridge},
  type={Cambridge Working Papers in Economics},
  number={0813},
  keywords={Asset allocation; Large Porftolios; Factor models; Diversi¯cation.},
}

@article {DeRoon2001,
author = {De Roon, Frans A. and Nijman, Theo E. and Werker, Bas J. M.},
title = {Testing for Mean-Variance Spanning with Short Sales Constraints and Transaction Costs: The Case of Emerging Markets},
journal = {The Journal of Finance},
volume = {56},
number = {2},
doi = {10.1111/0022-1082.00343},
pages = {721--742},
year = {2001},
}

@article{efron2004,
author = {Efron, Bradley and Hastie, Trevor and Johnstone, Iain and Tibshirani, Robert},
journal = {Ann. Statist.},
journal = {The Annals of Statistics},
month = {04},
number = {2},
pages = {407--499},
publisher = {The Institute of Mathematical Statistics},
title = {Least angle regression},
volume = {32},
year = {2004}
}

@article{goldfarb03,
author = {Goldfarb, D. and Iyengar, G.},
  title = {Robust portfolio selection problems},
  journal = {Math. Oper. Res.},
  year = {2003},
  volume = {28},
  number = {1},
  pages = {1--38},
  doi = {http://dx.doi.org/10.1287/moor.28.1.1.14260}
}

@article{donoho03,
  author = {D. Donoho and M. Elad},
  title = {Maximal Sparsity Representation via l1 Minimization},
  journal = {Proc. Nat. Aca. Sci.},
  year = {2003},
  volume = {100},
  pages = {2197-2202},
}


@Article{jag-2003,
  author={Ravi Jagannathan and Tongshu Ma},
  title={{Risk Reduction in Large Portfolios: Why Imposing the Wrong Constraints Helps}},
  journal={Journal of Finance},
  address={Malden},
  year={2003},
  volume={58},
  number={4},
  pages={1651-1684},
  month={08},
  keywords={},
 }

@incollection{gb08,
  author    = {Michael Grant and Stephen Boyd},
  title     = {Graph implementations for nonsmooth convex programs},
  booktitle = {Recent Advances in Learning and Control},
  series    = {Lecture Notes in Control and Information Sciences},
  editor    = {V. Blondel and S. Boyd and H. Kimura},
  publisher = {Springer-Verlag Limited},
  pages     = {95--110},
  year      = {2008},
}

@Article{liu-2009,
  author={Qianqiu Liu},
  title={{On portfolio optimization: How and when do we benefit from high-frequency data?}},
  journal={Journal of Applied Econometrics},
  address={Chichester},
  year={2009},
  volume={24},
  number={4},
  pages={560-582},
  month={},
  keywords={},
}

@article{jk1980,
author = { J. D.   Jobson  and  B.   Korkie },
title = {Estimation for Markowitz Efficient Portfolios},
journal = {Journal of the American Statistical Association},
volume = {75},
number = {371},
pages = {544-554},
year  = {1980},
doi = {10.1080/01621459.1980.10477507},
}

@Article{GH_92,
author={ Green, Richard C and Hollifield, Burton},
title={{ When Will Mean-Variance Efficient Portfolios Be Well Diversified?}},
journal={Journal of Finance},
year=1992,
volume={47},
number={5},
pages={1785-809},
month={December},
}

@Article{best-1990,
  author={Best, Michael J. and Grauer, Robert R.},
  title={The efficient set mathematics when mean-variance problems are subject to general linear constraints},
  journal={Journal of Economics and Business},
  year=1990,
  volume={42},
  number={2},
  pages={105-120},
  month={May},
  keywords={},
}

@Article{best-1991,
  author={Best, Michael J and Grauer, Robert R},
  title={{On the Sensitivity of Mean-Variance-Efficient Portfolios to Changes in Asset Means: Some Analytical and Computational Results}},
  journal={Review of Financial Studies},
  year=1991,
  volume={4},
  number={2},
  pages={315-42},
  month={},
  keywords={},
}

@Article{BestGrauer91a,
  author={Michael J. Best and Robert R. Grauer},
  title={{Sensitivity Analysis for Mean-Variance Portfolio Problems}},
  journal={Management Science},
  year=1991,
  volume={37},
  number={8},
  pages={980-989},
  month={Aug},
  address = {Hanover},
  keywords={sensitivity analysis; parametric quadratic programming; mean-variance portfolio selection},
}

@TECHREPORT{BacenChile,
title = {Well Diversified Efficient Portfolios},
author = {Corvalan, Alejandro},
year = {2005},
institution = {Central Bank of Chile},
type = {Working Papers Central Bank of Chile},
}

@article{ckl99,
author = {Chan, LKC and Karceski, J and Lakonishok, J},
title = {On portfolio optimization: forecasting covariances and choosing the risk model},
volume = {12},
address = {Oxford},
number = {5},
pages = {937-974},
year = {1999},
doi = {10.1093/rfs/12.5.937},
eprint = {http://rfs.oxfordjournals.org/content/12/5/937.full.pdf+html},
journal = {Review of Financial Studies}
}

@article {dijk2002,
	author = {Jansen, Roel and van Dijk, Ronald},
	title = {Optimal Benchmark Tracking with Small Portfolios},
	journal = {The Journal of Portfolio Management},
	address = {New York},
	volume = {28},
	number = {2},
	pages = {33--39},
	year = {2002},
	doi = {10.3905/jpm.2002.319830},
	eprint = {http://jpm.iijournals.com/content/28/2/33.full.pdf},
}

@article{Michaud89,
	title = {The Markowitz Optimization Enigma: Is {‘Optimized’} Optimal?},
	volume = {45},
	shorttitle = {The Markowitz Optimization Enigma},
	doi = {10.2469/faj.v45.n1.31},
	number = {1},
	journal = {Financial Analysts Journal},
	author = {Michaud, Richard O.},
	month = jan,
	year = {1989},
	pages = {31--42},
}

@article{caldeira2013,
	author = {João Caldeira and Guilherme Moura and André Santos},
	title = {Seleção de carteiras utilizando o modelo Fama-French-Carhart},
	journal = {Revista Brasileira de Economia},
	volume = {67},
	number = {1},
	year = {2013},
	keywords = {correlação condicional dinâmica (DCC), previsão, Filtro de Kalman, CAPM com aprendizagem, otimização de carteiras, avaliação de performance},
}

@article{kz07,
   	title={Optimal Portfolio Choice with Parameter Uncertainty},
   	volume={42},
   	DOI={10.1017/S0022109000004129},
   	number={3},
   	journal={Journal of Financial and Quantitative Analysis},
   	address={Seattle},
   	author={Kan, Raymond and Zhou, Guofu},
   	year={2007},
   	pages={621–656}
}

@Article{Fleming_GARCH,
  author={Jeff Fleming and Chris Kirby},
  title={{A Closer Look at the Relation between GARCH and Stochastic Autoregressive Volatility}},
  journal={Journal of Financial Econometrics},
  year=2003,
  volume={1},
  number={3},
  pages={365-419},
  month={},
  keywords={},
}

@article{KTF2014,
title   = {60 Years of portfolio optimization: Practical challenges and current trends},
journal = {European Journal of Operational Research},
address = {Amsterdam},
volume  = {234},
number  = {2},
pages   = {356 - 371},
year    = {2014},
author  = {Petter N. Kolm and Reha Tütüncü and Frank J. Fabozzi},
keywords = {Black–Litterman},
keywords = {Estimation errors},
keywords = {Mean–variance optimization},
keywords = {Multi-period optimization},
keywords = {Portfolio constraints},
keywords = {Portfolio optimization},
}

@article{carriero-2012,
title = "Forecasting government bond yields with large Bayesian vector autoregressions",
journal = "Journal of Banking \& Finance",
volume = "36",
number = "7",
pages = "2026 - 2047",
year = "2012",
doi = "https://doi.org/10.1016/j.jbankfin.2012.03.008",
author = "Andrea Carriero and George Kapetanios and Massimiliano Marcellino",
keywords = "Bayesian methods, Forecasting, Marginal likelihood, Term structure",
}

@article{carriero-2011,
title = "How useful are no-arbitrage restrictions for forecasting the term structure of interest rates?",
journal = "Journal of Econometrics",
volume = "164",
number = "1",
pages = "21 - 34",
year = "2011",
note = "Annals Issue on Forecasting",
doi = "https://doi.org/10.1016/j.jeconom.2011.02.010",
author = "Andrea Carriero and Raffaella Giacomini",
keywords = "Forecast combination, Encompassing, Loss functions, Instability, Affine term structure models",
}


@article{cp-2005,
Author = {Cochrane, John H. and Piazzesi, Monika},
Title = {Bond Risk Premia},
Journal = {American Economic Review},
Volume = {95},
Number = {1},
Year = {2005},
Month = {March},
Pages = {138-160},
}

@article{ns-1987,
 author = {Charles R. Nelson and Andrew F. Siegel},
 journal = {The Journal of Business},
 number = {4},
 pages = {473-489},
 publisher = {University of Chicago Press},
 title = {Parsimonious Modeling of Yield Curves},
 volume = {60},
 year = {1987},
doi = "10.2307/2352957",
}

@article{dl-2006,
title = "Forecasting the term structure of government bond yields",
journal = "Journal of Econometrics",
volume = "130",
number = "2",
pages = "337 - 364",
year = "2006",
doi = "https://doi.org/10.1016/j.jeconom.2005.03.005",
author = "Francis X. Diebold and Canlin Li",
keywords = "Term structure, Yield curve, Factor model, Nelson–Siegel curve",
}

@article{christ-2011,
title = "The affine arbitrage-free class of Nelson–Siegel term structure models",
journal = "Journal of Econometrics",
volume = "164",
number = "1",
pages = "4 - 20",
year = "2011",
note = "Annals Issue on Forecasting",
doi = "https://doi.org/10.1016/j.jeconom.2011.02.011",
author = "Jens H.E. Christensen and Francis X. Diebold and Glenn D. Rudebusch",
keywords = "Yield curve, Interest rate, Bond market, Factor model, Forecasting",
}

@article{fb-1987,
 author = {Eugene F. Fama and Robert R. Bliss},
 journal = {The American Economic Review},
 number = {4},
 pages = {680-692},
 publisher = {American Economic Association},
 title = {The Information in Long-Maturity Forward Rates},
 volume = {77},
 year = {1987}
}

@article {barber-2000,
author = {Barber, Brad M. and Odean, Terrance},
title = {Trading Is Hazardous to Your Wealth: The Common Stock Investment Performance of Individual Investors},
journal = {The Journal of Finance},
volume = {55},
number = {2},
doi = {10.1111/0022-1082.00226},
pages = {773--806},
year = {2000},
address = {Malden}
}

@article{ang-2003,
title = "A no-arbitrage vector autoregression of term structure dynamics with macroeconomic and latent variables",
journal = "Journal of Monetary Economics",
volume = "50",
number = "4",
pages = "745 - 787",
year = "2003",
doi = "https://doi.org/10.1016/S0304-3932(03)00032-1",
author = "Andrew Ang and Monika Piazzesi",
keywords = "Estimation, Time series models, Determination of interest rates, Financial markets and the macroeconomy, Monetary policy",
}

@article {banbura-2010,
author = {Banbura, Marta and Giannone, Domenico and Reichlin, Lucrezia},
title = {Large Bayesian vector auto regressions},
journal = {Journal of Applied Econometrics},
volume = {25},
number = {1},
publisher = {John Wiley \& Sons, Ltd.},
doi = {10.1002/jae.1137},
pages = {71--92},
year = {2010},
}


@article {carriero-2015,
author = {Carriero, Andrea and Clark, Todd E. and Marcellino, Massimiliano},
title = {Bayesian VARs: Specification Choices and Forecast Accuracy},
journal = {Journal of Applied Econometrics},
volume = {30},
number = {1},
doi = {10.1002/jae.2315},
pages = {46--73},
year = {2015},
}

@article{carriero-2009,
title = "Forecasting exchange rates with a large Bayesian VAR",
journal = "International Journal of Forecasting",
volume = "25",
number = "2",
pages = "400 - 417",
year = "2009",
note = "Forecasting Returns and Risk in Financial Markets using Linear and Nonlinear Models",
doi = "https://doi.org/10.1016/j.ijforecast.2009.01.007",
author = "A. Carriero and G. Kapetanios and M. Marcellino",
keywords = "Exchange rates, Forecasting, Bayesian VAR",
}

@article {dai-2000,
author = {Dai, Qiang and Singleton, Kenneth J.},
title = {Specification Analysis of Affine Term Structure Models},
journal = {The Journal of Finance},
volume = {55},
number = {5},
doi = {10.1111/0022-1082.00278},
pages = {1943--1978},
year = {2000},
}

@Article{dejong-2000,
  author={de Jong, Frank},
  title={{Time Series and Cross-Section Information in Affine Term-Structure Models}},
  journal={Journal of Business \& Economic Statistics},
  year={2000},
  volume={18},
  number={3},
  pages={300-314},
  month={July},
  keywords={},
  doi={},
}

@TechReport{duffee-2011,
  author={Greg Duffee},
  title={{Forecasting with the term structure: The role of no-arbitrage restrictions}},
  year=2011,
  month=Jan,
  institution={The Johns Hopkins University,Department of Economics},
  type={Economics Working Paper Archive},
  number={576},
  keywords={},
  doi={},
}

@article {duffee-2002,
author = {Duffee, Gregory R.},
title = {Term Premia and Interest Rate Forecasts in Affine Models},
journal = {The Journal of Finance},
volume = {57},
number = {1},
doi = {10.1111/1540-6261.00426},
pages = {405--443},
year = {2002},
}

@article {favero-2012,
author = {Favero, Carlo A. and Niu, Linlin and Sala, Luca},
title = {Term Structure Forecasting: No-Arbitrage Restrictions versus Large Information Set},
journal = {Journal of Forecasting},
volume = {31},
number = {2},
publisher = {John Wiley \& Sons, Ltd},
doi = {10.1002/for.1181},
pages = {124--156},
keywords = {yield curve, term structure of interest rates, forecasting, large dataset, factor models},
year = {2012},
}

@article{giannone-2015,
author = {Domenico Giannone and Michele Lenza and Giorgio E. Primiceri},
title = {Prior Selection for Vector Autoregressions},
journal = {The Review of Economics and Statistics},
volume = {97},
number = {2},
pages = {436-451},
year = {2015},
doi = {10.1162/REST\_a\_00483},
eprint = {https://doi.org/10.1162/REST_a_00483},
}

@article{gurkaynak-2007,
title = "The U.S. Treasury yield curve: 1961 to the present",
journal = "Journal of Monetary Economics",
volume = "54",
number = "8",
pages = "2291 - 2304",
year = "2007",
doi = "https://doi.org/10.1016/j.jmoneco.2007.06.029",
author = "Refet S. Gürkaynak and Brian Sack and Jonathan H. Wright",
keywords = "Yield curve, Treasury market, On the run premia, High-frequency data",
}

@article{marcellino-2006,
title = "A comparison of direct and iterated multistep AR methods for forecasting macroeconomic time series",
journal = "Journal of Econometrics",
volume = "135",
number = "1",
pages = "499 - 526",
year = "2006",
doi = "https://doi.org/10.1016/j.jeconom.2005.07.020",
author = "Massimiliano Marcellino and James H. Stock and Mark W. Watson",
keywords = "Multistep forecasts, Var forecasts, Forecast comparisons",
}

@article{moench-2008,
title = "Forecasting the yield curve in a data-rich environment: A no-arbitrage factor-augmented VAR approach",
journal = "Journal of Econometrics",
volume = "146",
number = "1",
pages = "26 - 43",
year = "2008",
doi = "https://doi.org/10.1016/j.jeconom.2008.06.002",
author = "Emanuel Moench",
keywords = "Yield curve, Factor-augmented VAR, Affine term structure models, Dynamic factor models, Forecasting",
}

@article {moench-2012,
author = {Moench, Emanuel},
title = {Term structure surprises: the predictive content of curvature, level, and slope},
journal = {Journal of Applied Econometrics},
volume = {27},
number = {4},
publisher = {John Wiley \& Sons, Ltd},
doi = {10.1002/jae.1220},
pages = {574--602},
year = {2012},
}

@article{pesaran-2005,
title = "Small sample properties of forecasts from autoregressive models under structural breaks",
journal = "Journal of Econometrics",
volume = "129",
number = "1",
pages = "183 - 217",
year = "2005",
note = "Modelling structural breaks",
doi = "https://doi.org/10.1016/j.jeconom.2004.09.007",
author = "M. Hashem Pesaran and Allan Timmermann",
keywords = "Small sample properties of forecasts, MSFE, Structural breaks, Autoregression, Rolling window estimator",
}

@article{pesaran-2011,
title = "Variable selection, estimation and inference for multi-period forecasting problems",
journal = "Journal of Econometrics",
volume = "164",
number = "1",
pages = "173 - 187",
year = "2011",
note = "Annals Issue on Forecasting",
doi = "https://doi.org/10.1016/j.jeconom.2011.02.018",
author = "M. Hashem Pesaran and Andreas Pick and Allan Timmermann",
keywords = "Direct forecasts, Iterated forecasts, Factor- augmented VARs, SURE estimation, Akaike information criterion",
}

@article{sw-2002,
author = {James H Stock and Mark W Watson},
title = {Macroeconomic Forecasting Using Diffusion Indexes},
journal = {Journal of Business \& Economic Statistics},
volume = {20},
number = {2},
pages = {147-162},
year  = {2002},
publisher = {Taylor \& Francis},
doi = {10.1198/073500102317351921},
eprint = {http://dx.doi.org/10.1198/073500102317351921},
}

@article{sw-2002-1,
author = {James H Stock and Mark W Watson},
title = {Forecasting Using Principal Components From a Large Number of Predictors},
journal = {Journal of the American Statistical Association},
volume = {97},
number = {460},
pages = {1167-1179},
year  = {2002},
publisher = {Taylor \& Francis},
doi = {10.1198/016214502388618960},
eprint = {http://dx.doi.org/10.1198/016214502388618960},
}


@article{jsz-2011,
author = {Joslin, Scott and Singleton, Kenneth J. and Zhu, Haoxiang},
title = {A New Perspective on Gaussian Dynamic Term Structure Models},
journal = {The Review of Financial Studies},
volume = {24},
number = {3},
pages = {926-970},
year = {2011},
doi = {10.1093/rfs/hhq128},
eprint = {/oup/backfile/content_public/journal/rfs/24/3/10.1093/rfs/hhq128/3/hhq128.pdf}
}

@article{almeida-2008,
title = "The role of no-arbitrage on forecasting: Lessons from a parametric term structure model",
journal = "Journal of Banking & Finance",
volume = "32",
number = "12",
pages = "2695 - 2705",
year = "2008",
doi = "https://doi.org/10.1016/j.jbankfin.2008.07.003",
author = "Caio Almeida and José Vicente",
keywords = "Dynamic models, No-arbitrage, Forecasting, Bond risk premia",
}

@article{litterman-1986,
 author = {Robert B. Litterman},
 journal = {Journal of Business \& Economic Statistics},
 number = {1},
 pages = {25-38},
 publisher = {[American Statistical Association, Taylor \& Francis, Ltd.]},
 title = {Forecasting with Bayesian Vector Autoregressions: Five Years of Experience},
 volume = {4},
 year = {1986}
}

@Article{sims-1998,
  author={Sims, Christopher A and Zha, Tao},
  title={{Bayesian Methods for Dynamic Multivariate Models}},
  journal={International Economic Review},
  year=1998,
  volume={39},
  number={4},
  pages={949-968},
  month={November},
  keywords={},
  doi={},
}

@article{demol-2008,
title = {Forecasting using a large number of predictors: Is Bayesian shrinkage a valid alternative to principal components?},
journal = {Journal of Econometrics},
volume = {146},
number = {2},
pages = {318 - 328},
year = {2008},
note = {Honoring the research contributions of Charles R. Nelson},
doi = {https://doi.org/10.1016/j.jeconom.2008.08.011},
author = {Christine De Mol and Domenico Giannone and Lucrezia Reichlin},
keywords = {Bayesian shrinkage, Bayesian VAR, Ridge regression, Lasso regression, Principal components, Large cross-sections},
}

@article {bai-2006,
author = {Bai, Jushan and Ng, Serena},
title = {Confidence Intervals for Diffusion Index Forecasts and Inference for Factor-Augmented Regressions},
journal = {Econometrica},
volume = {74},
number = {4},
doi = {10.1111/j.1468-0262.2006.00696.x},
pages = {1133--1150},
keywords = {Panel data, common factors, generated regressors, cross-section dependence, robust covariance matrix},
year = {2006},
}

@article {duffie-1996,
author = {Duffie, Darrell and Kan, Rui},
title = {A YIELD-FACTOR MODEL OF INTEREST RATES},
journal = {Mathematical Finance},
volume = {6},
number = {4},
doi = {10.1111/j.1467-9965.1996.tb00123.x},
pages = {379--406},
year = {1996},
}

@article{zellner-1964,
 author = {George C. Tiao and Arnold Zellner},
 journal = {Journal of the Royal Statistical Society. Series B (Methodological)},
 number = {2},
 pages = {277-285},
 publisher = {[Royal Statistical Society, Wiley]},
 title = {On the Bayesian Estimation of Multivariate Regression},
 volume = {26},
 year = {1964}
}

@article{harrison-1979,
title = "Martingales and arbitrage in multiperiod securities markets",
journal = "Journal of Economic Theory",
volume = "20",
number = "3",
pages = "381 - 408",
year = "1979",
doi = "https://doi.org/10.1016/0022-0531(79)90043-7",
author = "J.Michael Harrison and David M Kreps"
}

@article{caldeira-2017,
author = {Caldeira, João F. and Moura, Guilherme V. and Nogales, Francisco J. and Santos, André A. P.},
title = {Combining Multivariate Volatility Forecasts: An Economic-Based Approach},
journal = {Journal of Financial Econometrics},
volume = {15},
number = {2},
pages = {247-285},
year = {2017},
doi = {10.1093/jjfinec/nbw010},
eprint = {/oup/backfile/content_public/journal/jfec/15/2/10.1093_jjfinec_nbw010/2/nbw010.pdf}
}

@article{cms-2016,
title = "Predicting the yield curve using forecast combinations",
journal = "Computational Statistics & Data Analysis",
volume = "100",
number = "Supplement C",
pages = "79 - 98",
year = "2016",
doi = "https://doi.org/10.1016/j.csda.2014.05.008",
author = "João F. Caldeira and Guilherme V. Moura and André A.P. Santos",
keywords = "Yield curve, Forecast combinations, Economic value of forecasts",
}

@article {amendola-2015,
author = {Amendola, Alessandra and Storti, Giuseppe},
title = {Model Uncertainty and Forecast Combination in High-Dimensional Multivariate Volatility Prediction},
journal = {Journal of Forecasting},
volume = {34},
number = {2},
doi = {10.1002/for.2322},
pages = {83--91},
keywords = {forecast combination, volatility, multivariate GARCH, realized covariance matrices, predictive ability},
year = {2015},
note = {for.2322},
}

@article{manabu-2006,
author = { Manabu   Asai  and  Michael   McAleer  and  Jun   Yu },
title = {Multivariate Stochastic Volatility: A Review},
journal = {Econometric Reviews},
volume = {25},
number = {2-3},
pages = {145-175},
year  = {2006},
publisher = {Taylor & Francis},
doi = {10.1080/07474930600713564},
eprint = {http://dx.doi.org/10.1080/07474930600713564},
}

@article{bates-1969,
 author = {J. M. Bates and C. W. J. Granger},
 journal = {OR},
 number = {4},
 pages = {451-468},
 publisher = {Operational Research Society},
 title = {The Combination of Forecasts},
 volume = {20},
 year = {1969}
}

@article {bauwens-2006,
author = {Bauwens, Luc and Laurent, Sébastien and Rombouts, Jeroen V. K.},
title = {Multivariate GARCH models: a survey},
journal = {Journal of Applied Econometrics},
volume = {21},
number = {1},
publisher = {John Wiley & Sons, Ltd.},
doi = {10.1002/jae.842},
pages = {79--109},
year = {2006},
}

@article{becker-2008,
author = "Ralf Becker and Adam E. Clements",
title = "Are combination forecasts of S&P 500 volatility statistically superior?",
journal = "International Journal of Forecasting",
volume = "24",
number = "1",
pages = "122 - 133",
year = "2008",
doi = "https://doi.org/10.1016/j.ijforecast.2007.09.001",
keywords = "Implied volatility, Volatility, Forecasts, Volatility models, Combination forecasts, Model confidence sets",
}

@article{becker-2015,
title = "Selecting volatility forecasting models for portfolio allocation purposes",
journal = "International Journal of Forecasting",
volume = "31",
number = "3",
pages = "849 - 861",
year = "2015",
doi = "https://doi.org/10.1016/j.ijforecast.2013.11.007",
author = "R. Becker and A.E. Clements and M.B. Doolan and A.S. Hurn",
keywords = "Multivariate time series, Loss functions, Evaluating forecasts, Covariance matrix, GARCH models, Model confidence set",
}

@article {chiriac-2011,
author = {Chiriac, Roxana and Voev, Valeri},
title = {Modelling and forecasting multivariate realized volatility},
journal = {Journal of Applied Econometrics},
volume = {26},
number = {6},
publisher = {John Wiley & Sons, Ltd.},
doi = {10.1002/jae.1152},
pages = {922--947},
year = {2011},
}

@article{clarke-2010,
author = {Clarke, Roger and de Silva, Harindra and Thorley, Steven},
title = {Minimum Variance Portfolio Composition},
year = {2010},
month = {06},
pages = {},
volume = {37},
journal = {Journal of Portfolio Management},
address = {New York},
}

@article {CTS2006,
	author = {Clarke, Roger G and de Silva, Harindra and Thorley, Steven},
	title = {Minimum-Variance Portfolios in the U.S. Equity Market},
	volume = {33},
	number = {1},
	pages = {10--24},
	year = {2006},
	doi = {10.3905/jpm.2006.661366},
	eprint = {https://jpm.pm-research.com/content/33/1/10.full.pdf},
	journal = {Journal of Portfolio Management},
address = {New York},
}


@article {diebold-1987,
author = {Diebold, Francis X. and Pauly, Peter},
title = {Structural change and the combination of forecasts},
journal = {Journal of Forecasting},
volume = {6},
number = {1},
publisher = {John Wiley & Sons, Ltd.},
doi = {10.1002/for.3980060103},
pages = {21--40},
keywords = {Structural change, Forecast combination, Varying-parameter models},
year = {1987},
}

@article{diebold-1989,
title = "Forecast combination and encompassing: Reconciling two divergent literatures",
journal = "International Journal of Forecasting",
volume = "5",
number = "4",
pages = "589 - 592",
year = "1989",
doi = "https://doi.org/10.1016/0169-2070(89)90014-9",
author = "Francis X. Diebold",
keywords = "Forecasting, Prediction, Pooling, Model selection, Shrinkage estimation",
}

@incollection{elliott-2006,
title = "Forecasting and Decision Theory",
editor = "G. Elliott and C.W.J. Granger and A. Timmermann",
series = "Handbook of Economic Forecasting",
publisher = "Elsevier",
volume = "1",
number = "Supplement C",
pages = "81 - 98",
year = "2006",
doi = "https://doi.org/10.1016/S1574-0706(05)01002-5",
author = "Clive W.J. Granger and Mark J. Machina",
keywords = "forecasting, loss functions, decision theory, decision-based loss functions",
}

@article{elliott-2008,
Author = {Elliott, Graham and Timmermann, Allan},
Title = {Economic Forecasting},
Journal = {Journal of Economic Literature},
Volume = {46},
Number = {1},
Year = {2008},
Month = {March},
Pages = {3-56},
DOI = {10.1257/jel.46.1.3},
}

@article{engle-2002,
author = {Engle R.},
title = {“Dynamic Conditional Correlation: A Simple Class of Multivariate Generalized Autoregressive Conditional Heteroskedasticity Models,”},
journal = {Journal of Business and Economic Statistics},
volume = {20},
pages = {339},
year = {2002}
}

@article{engle-2006,
author = {Robert Engle and Riccardo Colacito},
title = {Testing and Valuing Dynamic Correlations for Asset Allocation},
journal = {Journal of Business \& Economic Statistics},
volume = {24},
number = {2},
pages = {238-253},
year  = {2006},
publisher = {Taylor & Francis},
doi = {10.1198/073500106000000017},
eprint = {http://dx.doi.org/10.1198/073500106000000017},
}

@article{engle-2012,
author = { Robert   Engle  and  Bryan   Kelly },
title = {Dynamic Equicorrelation},
journal = {Journal of Business \& Economic Statistics},
volume = {30},
number = {2},
pages = {212-228},
year  = {2012},
publisher = {Taylor & Francis},
doi = {10.1080/07350015.2011.652048},
eprint = {http://dx.doi.org/10.1080/07350015.2011.652048},
}

@article{genre-2013,
author = "Véronique Genre and Geoff Kenny and Aidan Meyler and Allan Timmermann",
title = "Combining expert forecasts: Can anything beat the simple average?",
journal = "International Journal of Forecasting",
volume = "29",
number = "1",
pages = "108 - 121",
year = "2013",
doi = "https://doi.org/10.1016/j.ijforecast.2012.06.004",
keywords = "Forecast combination, Forecast evaluation, Multiple model comparisons, Real-time data, Survey of Professional Forecasters",
}

@article{goeij-2004,
author = {de Goeij, Peter and Marquering, Wessel},
title = {Modeling the Conditional Covariance Between Stock and Bond Returns: A Multivariate GARCH Approach},
journal = {Journal of Financial Econometrics},
volume = {2},
number = {4},
pages = {531-564},
year = {2004},
doi = {10.1093/jjfinec/nbh021},
eprint = {/oup/backfile/content_public/journal/jfec/2/4/10.1093/jjfinec/nbh021/2/nbh021.pdf}
}

@article {granger-1989,
author = {Granger, C. W. J.},
title = {Invited review combining forecasts—twenty years later},
journal = {Journal of Forecasting},
volume = {8},
number = {3},
publisher = {John Wiley & Sons, Ltd.},
doi = {10.1002/for.3980080303},
pages = {167--173},
keywords = {Combinations, Forecasts, Integrated, Information sets, Encompassing, Quantiles},
year = {1989},
}

@article{kurose-2016,
title = "Dynamic equicorrelation stochastic volatility",
journal = "Computational Statistics & Data Analysis",
volume = "100",
number = "Supplement C",
pages = "795 - 813",
year = "2016",
doi = "https://doi.org/10.1016/j.csda.2015.01.013",
author = "Yuta Kurose and Yasuhiro Omori",
keywords = "Asymmetry, Cross leverage effect, Dynamic equicorrelation, Markov chain Monte Carlo, Multi-move sampler, Multivariate stochastic volatility",
}

@article{menezes-2000,
title = "Review of guidelines for the use of combined forecasts",
journal = "European Journal of Operational Research",
volume = "120",
number = "1",
pages = "190 - 204",
year = "2000",
doi = "https://doi.org/10.1016/S0377-2217(98)00380-4",
author = "Lilian M de Menezes and Derek W. Bunn and James W Taylor",
keywords = "Forecasting, Combinations, Error specification, Guidelines",
}

@article{wallis-2011,
author = { Kenneth F.   Wallis },
title = {Combining forecasts – forty years later},
journal = {Applied Financial Economics},
volume = {21},
number = {1-2},
pages = {33-41},
year  = {2011},
publisher = {Routledge},
doi = {10.1080/09603107.2011.523179},
eprint = {http://dx.doi.org/10.1080/09603107.2011.523179},
}

@article{patton-2009,
title = "Optimal combinations of realised volatility estimators",
author = "Andrew J. Patton and Kevin Sheppard",
year = "2009",
journal = "International Journal of Forecasting",
volume = "25",
number = "2",
pages = "218 - 238",
note = "Forecasting Returns and Risk in Financial Markets using Linear and Nonlinear Models",
doi = "https://doi.org/10.1016/j.ijforecast.2009.01.011",
keywords = "Realised variance, Volatility forecasting, Forecast comparison, Forecast combination",
}

@article{pesaran-tim-2007,
title = "Selection of estimation window in the presence of breaks",
journal = "Journal of Econometrics",
volume = "137",
number = "1",
pages = "134 - 161",
year = "2007",
doi = "https://doi.org/10.1016/j.jeconom.2006.03.010",
author = "M. Hashem Pesaran and Allan Timmermann",
keywords = "Parameter instability, Forecasting with breaks, Choice of observation window, Forecast combination",
}

@Article{pesaran-2007,
author = {Pesaran, Hashem and Skouras, Spyros},
year = {2007},
month = {11},
pages = {241 - 267},
title = {Decision‐Based Methods for Forecast Evaluation},
booktitle = {Decision-based Methods for Forecast Evaluation}
}

@article {granger-2000,
author = {Granger, Clive W. J. and Pesaran, M. Hashem},
title = {Economic and statistical measures of forecast accuracy},
year = {2000},
journal = {Journal of Forecasting},
volume = {19},
number = {7},
publisher = {John Wiley \& Sons, Ltd.},
doi = {10.1002/1099-131X(200012)19:7<537::AID-FOR769>3.0.CO;2-G},
pages = {537--560},
keywords = {decision theory, forecast evaluation, probabilistic forecasts, economic and statistical measures of forecast accuracy, stock market predictability},
}

@Article{granger-2004,
  author={Granger, Clive W. J. and Jeon, Yongil},
  title={{Thick modeling}},
  journal={Economic Modelling},
  year=2004,
  volume={21},
  number={2},
  pages={323-343},
  month={March},
  keywords={},
  doi={},
}

@incollection{timmermann-2006,
title = "Forecast Combinations",
editor = "G. Elliott and C.W.J. Granger and A. Timmermann",
series = "Handbook of Economic Forecasting",
publisher = "Elsevier",
volume = "1",
number = "Supplement C",
pages = "135 - 196",
year = "2006",
doi = "https://doi.org/10.1016/S1574-0706(05)01004-9",
author = "Allan Timmermann",
}

@article{baumeister-2015,
author = {Christiane Baumeister and Lutz Kilian},
title = {Forecasting the Real Price of Oil in a Changing World: A Forecast Combination Approach},
journal = {Journal of Business \& Economic Statistics},
volume = {33},
number = {3},
pages = {338-351},
year  = {2015},
publisher = {Taylor & Francis},
doi = {10.1080/07350015.2014.949342},
eprint = {http://dx.doi.org/10.1080/07350015.2014.949342},
}

@incollection{clements-2009,
address = {London},
author = {Clements, Michael P. and Harvey, David I.},
booktitle = {Palgrave Handbook of Econometrics},
doi = {10.1057/9780230244405_4},
file = {::},
pages = {169--198},
publisher = {Palgrave Macmillan UK},
title = {{Forecast Combination and Encompassing}},
year = {2009}
}

@inbook {newbold-2007,
title = {Forecast Combination and Encompassing},
author = {Newbold, Paul and Harvey, David I.},
author = {},
publisher = {Blackwell Publishing Ltd},
doi = {10.1002/9780470996430.ch12},
pages = {268--283},
booktitle = {A Companion to Economic Forecasting},
year = {2007},
}

@article {clark-2009,
author = {Clark, Todd E. and McCracken, Michael W.},
title = {IMPROVING FORECAST ACCURACY BY COMBINING RECURSIVE AND ROLLING FORECASTS*},
journal = {International Economic Review},
volume = {50},
number = {2},
doi = {10.1111/j.1468-2354.2009.00533.x},
pages = {363--395},
year = {2009},
}

@article{geweke-2011,
title = "Optimal prediction pools",
journal = "Journal of Econometrics",
volume = "164",
number = "1",
pages = "130 - 141",
year = "2011",
note = "Annals Issue on Forecasting",
doi = "https://doi.org/10.1016/j.jeconom.2011.02.017",
author = "John Geweke and Gianni Amisano",
keywords = "Forecasting, Log scoring, Model combination, S&P 500 returns",
}

@article{aiolfi-2006,
title = "Persistence in forecasting performance and conditional combination strategies",
journal = "Journal of Econometrics",
volume = "135",
number = "1",
pages = "31 - 53",
year = "2006",
doi = "https://doi.org/10.1016/j.jeconom.2005.07.015",
author = "Marco Aiolfi and Allan Timmermann",
keywords = "Forecast combination, Shrinkage, Clustering, Persistence in forecasting performance",
}


@article{lasso-infl,
author = {Marcelo C Medeiros and Gabriel Vasconcelos and Eduardo Freitas},
title = {Forecasting Brazilian Inflation With High-Dimensional Models},
journal = {Brazilian Review of Econometrics},
address = {Rio de Janeiro},
volume = {99},
number = {2},
pages = {nil},
year = {2015},
doi = {10.12660/bre.v99n992016.52273},
DATE_ADDED = {Wed Apr 4 12:56:08 2018},
}

@article{rbfin-it,
	author = {Leonardo Sant'Anna and Tiago Filomena and Denis Borenstein},
	title = {Index Tracking with Control on the Number of Assets},
	journal = {Brazilian Review of Finance},
	volume = {12},
	number = {1},
	year = {2014},
	keywords = {index tracking; portfolio optimization; quadratic integer programming},
	pages = {89--119}
}

@Article{memmel-2006,
author={Kempf, Alexander and Memmel, Christoph},
title={Estimating the Global Minimum Variance Portfolio},
journal={Schmalenbach Business Review},
address={Düsseldorf},
year={2006},
month={Oct},
day={01},
volume={58},
number={4},
pages={332--348},
doi={10.1007/BF03396737},
}

@article{edir-2013,
author = {N. C. P. Edirisinghe},
title = {Index-tracking optimal portfolio selection},
journal = {Quantitative Finance Letters},
volume = {1},
number = {1},
pages = {16-20},
year  = {2013},
publisher = {Taylor \& Francis},
doi = {10.1080/21649502.2013.803789},
eprint = {https://doi.org/10.1080/21649502.2013.803789},
}

@book{matcook2012,
    author       = {K. B. Petersen and M. S. Pedersen},
    address      = {Lyngby},
    title        = {The Matrix Cookbook},
    year         = {2012},
    month        = {nov},
    keywords     = {Matrix identity, matrix relations, inverse, matrix derivative},
    publisher    = {Technical University of Denmark},
    note         = {Version 20121115},
}

@article{roll79,
title = "A critique of the asset pricing theory's tests Part I: On past and potential testability of the theory",
journal = "Journal of Financial Economics",
volume = "4",
number = "2",
pages = "129 - 176",
year = "1977",
doi = "https://doi.org/10.1016/0304-405X(77)90009-5",
author = "Richard Roll",
}

@article{ross76,
title = "The arbitrage theory of capital asset pricing",
journal = "Journal of Economic Theory",
volume = "13",
number = "3",
pages = "341 - 360",
year = "1976",
doi = "https://doi.org/10.1016/0022-0531(76)90046-6",
author = "Stephen A Ross"
}


@article{rubinstein02,
author = {Rubinstein, Mark},
title = {Markowitz's “Portfolio Selection”: A Fifty-Year Retrospective},
journal = {The Journal of Finance},
volume = {57},
number = {3},
pages = {1041-1045},
year = {2002},
doi = {10.1111/1540-6261.00453},
eprint = {https://onlinelibrary.wiley.com/doi/pdf/10.1111/1540-6261.00453}
}

@article{kritzman2010,
author = {Kritzman, Mark and Page, Sébastien and Turkington, David},
title = {In Defense of Optimization: The Fallacy of 1/N},
journal = {Financial Analysts Journal},
address = {New York},
volume = {66},
number = {2},
pages = {31-39},
year = {2010},
doi = {10.2469/faj.v66.n2.6},
eprint = {https://doi.org/10.2469/faj.v66.n2.6},
}


@article{schmid2006,
title = "Distributional properties of portfolio weights",
journal = "Journal of Econometrics",
address = {Amsterdam},
volume = "134",
number = "1",
pages = "235 - 256",
year = "2006",
doi = "https://doi.org/10.1016/j.jeconom.2005.06.022",
author = "Yarema Okhrin and Wolfgang Schmid",
keywords = "Optimal portfolio weights, Multivariate distribution, Wishart distribution",
}

@article{santos2019,
author = {André A. P. Santos},
title = {Disentangling the role of variance and covariance information in portfolio selection problems},
journal = {Quantitative Finance},
volume = {19},
number = {1},
pages = {57-76},
year  = {2019},
publisher = {Routledge},
doi = {10.1080/14697688.2018.1465197},
eprint = {https://doi.org/10.1080/14697688.2018.1465197},
}

@article{rubesam2013,
	author = {Alexandre Rubesam and André Beltrame},
	title = {Minimum Variance Portfolios in the Brazilian Equity Market},
	journal = {Brazilian Review of Finance},
	volume = {11},
	number = {1},
	year = {2013},
	keywords = {portfolio optimization; minimum variance portfolios; asset allocation; quantitative asset management; shrinkage},
	pages = {81--118}
}

@article{santos2012,
	author = {André Santos and Cristina Tessari},
	title = {Quantitative Portfolio Optimization Techniques Applied to the Brazilian Stock Market},
	journal = {Brazilian Review of Finance},
	volume = {10},
	number = {3},
	year = {2012},
	keywords = {Optimization; estimation error; volatility},
	pages = {369--393}
}


@article{depooter2008,
author = { Michiel   de   Pooter  and  Martin   Martens  and  Dick   van   Dijk },
title = {Predicting the Daily Covariance Matrix for S\&P 100 Stocks Using Intraday Data—But Which Frequency to Use?},
journal = {Econometric Reviews},
volume = {27},
number = {1-3},
pages = {199-229},
year  = {2008},
publisher = {Taylor & Francis},
doi = {10.1080/07474930701873333},
eprint = {https://doi.org/10.1080/07474930701873333}
}


@article{brodie2009,
	author = {Brodie, Joshua and Daubechies, Ingrid and De Mol, Christine and Giannone, Domenico and Loris, Ignace},
	title = {Sparse and stable Markowitz portfolios},
	journal = {Proceedings of the National Academy of Sciences},
	address={Allahabad},
	volume = {106},
	number = {30},
	pages = {12267--12272},
	year = {2009},
	doi = {10.1073/pnas.0904287106},
	eprint = {http://www.pnas.org/content/106/30/12267.full.pdf},
}


@article{li2015,
author = {Jiahan Li},
title = {Sparse and Stable Portfolio Selection With Parameter Uncertainty},
journal = {Journal of Business \& Economic Statistics},
volume = {33},
number = {3},
pages = {381-392},
year  = {2015},
publisher = {Taylor \& Francis},
doi = {10.1080/07350015.2014.954708},
eprint = {https://doi.org/10.1080/07350015.2014.954708},
}

@Article{tz2011,
  author={Tu, Jun and Zhou, Guofu},
  title={{Markowitz meets Talmud: A combination of sophisticated and naive diversification strategies}},
  journal={Journal of Financial Economics},
  year=2011,
  volume={99},
  number={1},
  pages={204-215},
  month={January},
}

@incollection{demol2016,
title = {Sparse Markowitz Portfolios},
author = {DeMol, Christine},
booktitle = {Financial Signal Processing and Machine Learning},
editor = {Akansu, Ali N. and Kulkarni, Sanjeev R. and Malioutov, Dmitry},
edition={},
publisher = {Wiley-IEEE Press},
address = {Hoboken},
chapter = {2},
pages = {11-22},
doi = {10.1002/9781118745540.ch2},
eprint = {https://onlinelibrary.wiley.com/doi/pdf/10.1002/9781118745540.ch2},
year = {2016}
}

@incollection{brandtc5,
	title = "Portfolio Choice Problems ",
	author = "Michael W. Brandt",
	editor = "AÏT-SAHALIA, YACINE  and HANSEN, LARS PETER ",
    booktitle = "Handbook of Financial Econometrics",
	publisher = "North-Holland",
	edition = "",
	address = "San Diego",
	year = "2010",
	volume = "1",
	pages = "269 - 336",
	series = "Handbooks in Finance",
	chapter={5}
}
% booktitle = "Handbook of Financial Econometrics: Tools and Techniques ",

%%%%%%%%%%%%%%%%%%%%%%%%%%%%%%%%%%%%%%%%%%%%%%%%%%%%%
% R and R packages

@Manual{R,
    title = {R: A Language and Environment for Statistical Computing},
    author = {{R Core Team}},
    organization = {R Foundation for Statistical Computing},
    address = {Vienna},
    year = {2019},
}
    % url = {https://www.R-project.org/},

@Manual{R:leaps,
   title = {leaps: Regression Subset Selection},
   author = {Thomas Lumley},
   year = {2017},
   note = {R package version 3.0},
}

% url = {https://CRAN.R-project.org/package=leaps},

@article{R:glmnet,
   author = {Jerome Friedman and Trevor Hastie and Rob Tibshirani},
   title = {Regularization Paths for Generalized Linear Models via Coordinate Descent},
   journal = {Journal of Statistical Software},
   address = {California},
   volume = {33},
   number = {1},
   year = {2010},
   pages = {1--22},
   doi = {10.18637/jss.v033.i01},
}

%%%%%%%%%%%%%%%%%%%%%%%%%%%%%%%%%%%%%%%%%%%%%%%%%%%%%
% Sharpe Ratio

@article{lo2002,
author = {Andrew W. Lo},
title = {The Statistics of Sharpe Ratios},
journal = {Financial Analysts Journal},
address = {Abingdon},
volume = {58},
number = {4},
pages = {36-52},
year  = {2002},
doi = {10.2469/faj.v58.n4.2453},
}

@article{jk81,
 author = {J. D. Jobson and Bob M. Korkie},
 journal = {The Journal of Finance},
 number = {4},
 pages = {889--908},
 title = {Performance Hypothesis Testing with the Sharpe and Treynor Measures},
 volume = {36},
 year = {1981},
}

%%%%%%%%%%%%%%%%%%%%%%%%%%%%%%%%%%%%%%%%%%%%%%%%%%%%%
% Predictive ability

@article{dm1995,
author = { Francis X.   Diebold  and  Roberto S.   Mariano },
title = {Comparing Predictive Accuracy},
journal = {Journal of Business \& Economic Statistics},
volume = {13},
number = {3},
pages = {253-263},
year  = {1995},
doi = {10.1080/07350015.1995.10524599},
}

@article{west1996,
 author = {Kenneth D. West},
 journal = {Econometrica},
 number = {5},
 pages = {1067--1084},
 title = {Asymptotic Inference about Predictive Ability},
 volume = {64},
 year = {1996}
}

@article{white2000,
author = {White, Halbert},
title = {A Reality Check for Data Snooping},
journal = {Econometrica},
volume = {68},
number = {5},
pages = {1097-1126},
keywords = {Data mining, multiple hypothesis testing, bootstrap, forecast evaluation, model selection, prediction.},
doi = {10.1111/1468-0262.00152},
year = {2000}
}

@article {gw2006,
author = {Giacomini, Raffaella and White, Halbert},
title = {Tests of Conditional Predictive Ability},
journal = {Econometrica},
volume = {74},
number = {6},
doi = {10.1111/j.1468-0262.2006.00718.x},
pages = {1545--1578},
keywords = {Forecast evaluation, out-of-sample, hypothesis test},
year = {2006},
}

%%%%%%%%%%%%%%%%%%%%%%%%%%%%%%%%%%%%%%%%%%%%%%%%%%%%%
% leditot and wolf, robust hyposthesis testing

@Article{lw2008,
  author={Ledoit, Oliver and Wolf, Michael},
  title={{Robust performance hypothesis testing with the Sharpe ratio}},
  journal={Journal of Empirical Finance},
  address={Amsterdam},
  year={2008},
  volume={15},
  number={5},
  pages={850-859},
  month={Dec},
}

@Article{lw2011,
  author={Ledoit, Oliver and Wolf, Michael},
  title={{Robust performance hypothesis testing with the Variance}},
  journal={Wilmott Magazine},
  address={Chichester},
  issue={55},
  pages={86-89},
  month={Sept},
  year={2011},
}

@TechReport{lw2018,
  author={Olivier Ledoit and Michael Wolf},
  title={{Robust Performance Hypothesis Testing with Smooth Functions of Population Moments}},
  year={2018},
  month={October},
  institution={Department of Economics, University of Zurich},
  type={Working Paper Series},
  number={305},
  address={Zürich},
}

%%%%%%%%%%%%%%%%%%%%%%%%%%%%%%%%%%%%%%%%%%%%%%%%%%%%%
% FKO papers, fleming, kirby, ostdiek

@Article{fko2001,
  author={Fleming, Jeff and Kirby, Chris and Ostdiek, Barbara},
  title={{The Economic Value of Volatility Timing}},
  journal={Journal of Finance},
  year={2001},
  volume={56},
  number={1},
  pages={329-352},
  month={02},
  keywords={},
}

@Article{fko2003,
  author={Fleming, Jeff and Kirby, Chris and Ostdiek, Barbara},
  title={{The economic value of volatility timing using \&quot;realized\&quot; volatility}},
  journal={Journal of Financial Economics},
  year={2003},
  volume={67},
  number={3},
  pages={473-509},
  month={March},
  keywords={},
}

@article{fko2012,
 title={It’s All in the Timing: Simple Active Portfolio Strategies that Outperform Naïve Diversification},
 volume={47},
 number={2},
 journal={Journal of Financial and Quantitative Analysis},
 address={Seattle},
 author={Kirby, Chris and Ostdiek, Barbara},
 year={2012},
 pages={437–467}
}

%%%%%%%%%%%%%%%%%%%%%%%%%%%%%%%%%%%%%%%%%%%%%%%%%%%%%
% CEQ

@Article{wec93,
  author={West, Kenneth D. and Edison, Hali J. and Cho, Dongchul},
  title={{A utility-based comparison of some models of exchange rate volatility}},
  journal={Journal of International Economics},
  year=1993,
  volume={35},
  number={1-2},
  pages={23-45},
  month={August},
  keywords={},
  doi={},
}

%%%%%%%%%%%%%%%%%%%%%%%%%%%%%%%%%%%%%%%%%%%%%%%%%%%%%
% BOOTSTRAP

@article{pr94,
author = {Politis, Dimitris N. and Romano, Joseph P.},
title = {The Stationary Bootstrap},
journal = {Journal of the American Statistical Association},
volume = {89},
number = {428},
pages = {1303-1313},
year = {1994},
doi = {10.1080/01621459.1994.10476870},
}

@incollection{pr92,
author = {Politis, Dimitris N. and Romano, Joseph P.},
title = {A circular block-resampling procedure for stationary data},
editor = {Raoul LePage and Lynne Billard},
year = {1992},
booktitle = {Exploring the limits of bootstrap},
publisher={John Wiley},
address={New York},
}
% series={Wiley series in probability and mathematical statistics},

%%%%%%%%%%%%%%%%%%%%%%%%%%%%%%%%%%%%%%%%%%%%%%%%%%%%%
% Shrinkage matrices, lw, ledoit and wolf

@Article{lw2003,
  author={Ledoit, Olivier and Wolf, Michael},
  title={{Improved estimation of the covariance matrix of stock returns with an application to portfolio selection}},
  journal={Journal of Empirical Finance},
  year=2003,
  volume={10},
  number={5},
  pages={603-621},
  month={December},
  keywords={},
}

@Article{lw2004,
  author={Ledoit, Olivier and Wolf, Michael},
  title={{A well-conditioned estimator for large-dimensional covariance matrices}},
  journal={Journal of Multivariate Analysis},
  year=2004,
  volume={88},
  number={2},
  pages={365-411},
  month={February},
  keywords={ Condition number Covariance matrix estimation Empirical Bayes General asymptotics Shrinkage},
}

@TechReport{lw2003-honey,
  author={Olivier Ledoit and Michael Wolf},
  title={{Honey, I shrunk the sample covariance matrix}},
  year=2003,
  month=Jun,
  institution={Department of Economics and Business, Universitat Pompeu Fabra},
  type={Economics Working Papers},
  number={691},
  keywords={Covariance matrix; Markovitz optimization; shrinkage; tracking error},
}


%%%%%%%%%%%%%%%%%%%%%%%%%%%%%%%%%%%%%%%%%%%%%%%%%%%%%
